@article{Deloitte,
	author = {Kalish, I. and Eng, V.},
	doi = {},
	file = {},
	isbn = {},
	journal = {},
	mendeley-groups = {},
	pages = {15-20},
	title = {{Global Powers of Retailing}},
	url = {https://www2.deloitte.com/global/en/pages/consumer-business/articles/global-powers-of-retailing.html [dostêp dnia 16 paŸdziernika 2020]},
	year = {2020}
}

@INPROCEEDINGS{Benchmark, 
  title={{Modu³y ERP – poznaj te najbardziej popularne}}, 
  author={},
	booktitle={},
	month={PaŸdziernik},
	day={22},
	year={2018}, 
  note={\url{https://www.connecto.pl/moduly-erp-poznaj-te-najbardziej-popularne/} [dostêp dnia 19 paŸdziernika 2020]}
}

@INPROCEEDINGS{Computerworld, 
  title={{Kluczowe funkcje i zalety systemów ERP}}, 
  author={Paw³owicz, W.},
	booktitle={},
	month={},
	day={},
	year={}, 
  note={\url{https://www.computerworld.pl/news/Kluczowe-funkcje-i-zalety-systemow-ERP,415901.html} [dostêp dnia 19 paŸdziernika 2020]}
}

@INPROCEEDINGS{CyfrowaRP, 
  title={{Systemy ERP – rozwój i transformacja}}, 
  author={Mejssner, B.},
	booktitle={},
	month={Listopad},
	day={6},
	year={2017}, 
  note={\url{https://cyfrowa.rp.pl/rzeczpospolita-cyfrowa/26383-systemy-erp-rozwoj-i-transformacja} [dostêp dnia 19 paŸdziernika 2020]}
}

@INPROCEEDINGS{GazetaInwestycyjna, 
  title={{System ERP w 2020 i za kilka lat}}, 
  author={},
	booktitle={},
	month={Luty},
	day={28},
	year={2020}, 
  note={\url{http://www.gazetainwestycyjna.pl/system-erp-w-2020-i-za-kilka-lat/} [dostêp dnia 19 paŸdziernika 2020]}
}

@INPROCEEDINGS{Kaplon, 
  title={{Problemy i Algorytmy}}, 
  author={Kap³on, T.},
	booktitle={},
	month={Czerwiec},
	day={30},
	year={2013}, 
  note={\url{http://www.zio.iiar.pwr.wroc.pl/pea/w1_pwt.pdf} [dostêp dnia 19 paŸdziernika 2020]}
}

@article{ERPSystem,
	author = {Buonanno, G. and Faverio, P. and Pigni, F. and Ravarini, A. and Sciuto, D. and Tagliavini, M},
	doi = {10.1108},
	file = {},
	isbn = {1741-0398},
	journal = {Journal of Enterprise Information Management},
	mendeley-groups = {},
	pages = {},
	title = {{Factors affecting ERP system adoption: A comparative analysis between SMEs and large companies}},
	url = {https://www.emerald.com/insight/content/doi/10.1108/17410390510609572/full/html [dostêp dnia 16 paŸdziernika 2020]},
	year = {2005}
}


@book{Cormen,
	author = {Cormen, T.H. and Leiserson, C.E. and Rivest, R.L.},
	edition = {4},
	file = {},
	isbn = {8320426650},
	mendeley-groups = {},
	pages = {1031-1073},
	publisher = {Wydawnictwa Naukowo-Techniczne, Warszawa},
	title = {{Wprowadzenie do algorytmów}},
	year = {2001}
}

@book{Rest,
	author = {Masse, M.},
	edition = {1},
	file = {},
	isbn = {9781449310509},
	mendeley-groups = {},
	pages = {1-33},
	publisher = {Wydawnictwo O'Reilly, Sebastopol},
	title = {{REST API Design Rulebook}},
	year = {2013}
}

@book{Syslo,
	author = {Sys³o, M.M. and Narsingh, D. and Kowalik, J.S.},
	edition = {3},
	file = {},
	isbn = {9788301152635},
	mendeley-groups = {},
	pages = {282-285},
	publisher = {Wydawnictwo Naukowe PWN, Warszawa},
	title = {{Algorytmy optymalizacji dyskretnej z programami w jêzyku Pascal}},
	year = {1999}
}

@book{Hejlsberg,
	author = {Hejlsberg, A. and Torgersen, M. and Wilamuth, S. and Golde, P.},
	edition = {3},
	file = {},
	isbn = {9788324621958},
	mendeley-groups = {},
	pages = {19-73},
	publisher = {Wydawnictwo Helion, Gliwice},
	title = {{Jêzyk C\#. Programowanie. Microsoft .NET Development Series}},
	year = {2010}
}

@book{JSProgrammersRef,
	author = {White, A.},
	edition = {1},
	file = {},
	isbn = {9780470344729},
	mendeley-groups = {},
	pages = {1-21},
	publisher = {Wiley Publishing, Inc., Indianapolis},
	title = {{JavaScript Programmer's Reference}},
	year = {2009}
}

@book{PythonWprow,
	author = {Lutz, M.},
	edition = {4},
	file = {},
	isbn = {9788324649914},
	mendeley-groups = {},
	pages = {49-58},
	publisher = {Wydawnictwo Helion, Gliwice},
	title = {{Python. Wprowadzenie}},
	year = {2009}
}

@book{CSSWitrynyInt,
	author = {Wyke-Smith, C.},
	edition = {3},
	file = {},
	isbn = {9788324670697},
	mendeley-groups = {},
	pages = {24-28},
	publisher = {Wydawnictwo Helion, Gliwice},
	title = {{CSS. Witryny internetowe szyte na miarê}},
	year = {2013}
}

@book{NetCore,
	author = {Troelsen, A. and Japikse, P.},
	edition = {8},
	file = {},
	isbn = {9781484230176},
	mendeley-groups = {},
	pages = {1243-1255},
	publisher = {Wydawnictwo Apress, Berkeley},
	title = {{Pro C\# 7 With .NET and .NET Core}},
	year = {2017}
}

@book{ReactZaaw,
	author = {Cassio de Sousa, A.},
	edition = {1},
	file = {},
	isbn = {9788328329928},
	mendeley-groups = {},
	pages = {13-34},
	publisher = {Wydawnictwo Helion, Gliwice},
	title = {{React dla zaawansowanych}},
	year = {2017}
}

@book{ReactNative,
	author = {Zammetti, F.},
	edition = {1},
	file = {},
	isbn = {9781484239384},
	mendeley-groups = {},
	pages = {1-32},
	publisher = {Wydawnictwo Apress, Berkeley},
	title = {{Practical React Native}},
	year = {2018}
}

@book{EFCoreInAction,
	author = {Smith, J.P.},
	edition = {1},
	file = {},
	isbn = {9781617294563},
	mendeley-groups = {},
	pages = {1-11},
	publisher = {Manning Publications Co., Shelter Island},
	title = {{Entity Framework Core in Action}},
	year = {2018}
}

@article{TSPusingGA,
	author = {Dwivedi, V. and Chauhan, T. and Saxena, S. and Argawal, P.},
	doi = {10.1.1.875.5334},
	file = {},
	isbn = {},
	journal = {National Conference on Development of Reliable Information Systems, Techniques and Related Issues (DRISTI) 2012},
	mendeley-groups = {},
	pages = {25--30},
	title = {{Travelling Salesman Problem using Genetic Algorithm}},
	url = {http://citeseerx.ist.psu.edu/viewdoc/download?doi=10.1.1.875.5334&rep=rep1&type=pdf [dostêp dnia 16 paŸdziernika 2020]},
	year = {2012}
}

@book{Wozniak,
	author = {WoŸniak, M.},
	edition = {},
	file = {},
	isbn = {9788389823625},
	mendeley-groups = {},
	pages = {9-11},
	publisher = {Oficyna Wydawnicza AFM, Kraków},
	title = {{Przegl¹d algorytmów ewolucyjnych i ich zastosowañ}},
	url = {https://core.ac.uk/reader/214926211 [dostêp dnia 16 paŸdziernika 2020]},
	year = {2006}
}